%%%%%%%%%%%%%%%%%%%%%%%%%%%%%%%%%%%%%%%%%%%%%%%%%%%%%%%%%%%%%%%%%%%%%%%%%%
% Referencias bibliograficas utilizadas
% Para mais informações ver documentação do abntex2 e http://www.bibtex.org/
%%%%%%%%%%%%%%%%%%%%%%%%%%%%%%%%%%%%%%%%%%%%%%%%%%%%%%%%%%%%%%%%%%%%%%%%%%

% https://github.com/AdrianoRuseler/abntex2-modelo-experimento/blob/master/abntex2-modelo-references.bib

%%%%%%%%%%%%%%%%%%%%%%%%%%%%%%%%%%%%%%%%%%%%%%%%%%%%%%%%%%%%%%%%%%%%%%%%%%

 @misc{RODRIGUES:2020,
   author = {Basília Rodrigues},
   title = {Brasil registrou 1 milhão de imigrantes em dez anos},
   address = {Brasil},
   publisher= {CNN Brasil},
   year = {2020},
   url = {https://www.cnnbrasil.com.br/nacional/2020/12/17/brasil-registrou-1-milhao-de-imigrantes-em-dez-anos},
   urlaccessdate = {18 maio. 2021}
}
% livros devem ter cidade da publicação em "address" esses ficaram sem como exemplo, observar na saída que fica com [S.l]  - Sem Local

%%%%%%%%%%%%%%%%%%%%%%%%%%%%%%%%%%%%%%%%%%%%%%%%%%%%%%%%%%%%%%%%%%%%%%%%%%

@article{patarra2011brasil,
  title={Brasil: pa{\'\i}s de imigra{\c{c}}{\~a}o},
  author={Patarra, Neide Lopes and Fernandes, Duval},
  journal={Revista Internacional em L{\'\i}ngua Portuguesa--Migra{\c{c}}{\~o}es},
  volume={3},
  number={24},
  pages={65--96},
  year={2011}
}

@article{patarra2003movimentos,
  title={Movimentos migrat{\'o}rios no Brasil: tempos e espa{\c{c}}os},
  author={Patarra, Neide Lopes},
  journal={Rio de Janeiro: Escola Nacional de Ci{\^e}ncias Estat{\'\i}sticas},
  pages={1--50},
  year={2003}
}
@book{singer1973economia,
  title={Economia pol{\'\i}tica da urbaniza{\c{c}}{\~a}o: ensaios},
  author={Singer, Paul Israel},
  year={1973},
  publisher={Editora Brasiliense}
}
@article{mario2007economia,
  title={Economia e empreendedorismo {\'e}tnico: balan{\c{c}}o hist{\'o}rico da experi{\^e}ncia paulista},
  author={M{\'a}rio Serra Truzzi, Oswaldo and Sacomano Neto, M{\'a}rio},
  journal={Revista de Administra{\c{c}}{\~a}o de Empresas},
  volume={47},
  number={2},
  pages={1--12},
  year={2007},
  publisher={SciELO Brasil}
}
@article{de2017imigrantes,
  title={Os imigrantes no Brasil, sua vulnerabilidade e o princ{\'\i}pio da igualdade},
  author={de Lima, Sarah Somensi and da Silva, Leda Maria Messias},
  journal={Revista Brasileira de Pol{\'\i}ticas P{\'u}blicas},
  volume={7},
  number={2},
  pages={385},
  year={2017},
  publisher={Centro Universitario de Brasilia-UniCEUB}
}
@article{silva2008aspectos,
  title={Aspectos gerais da migra{\c{c}}{\~a}o fronteiri{\c{c}}a entre Brasil e Bol{\'\i}via},
  author={Silva, PO da},
  journal={XVI Encontro Nacional de Estudos Populacionais. Caxambu-MG},
  year={2008}
}
@article{magalhaes2021covid,
  title={Covid-19 e imigra{\c{c}}{\~a}o internacional na Regi{\~a}o Metropolitana de S{\~a}o Paulo},
  author={Magalh{\~a}es, Lu{\'\i}s Felipe Aires and B{\'o}gus, L{\'u}cia and Baeninger, Rosana},
  journal={REMHU: Revista Interdisciplinar da Mobilidade Humana},
  volume={29},
  pages={15--32},
  year={2021},
  publisher={SciELO Brasil}
}

@article{gondin2021alteridade,
  title={Alteridade e interculturalidade na escola: um estudo etnogr{\'a}fico sobre estudantes bolivianos em S{\~a}o Paulo},
  author={Gondin, Janaina Silva and Pinezi, Ana Keila Mosca and Menezes, Marilda Aparecida de},
  journal={Revista Brasileira de Estudos Pedag{\'o}gicos},
  volume={101},
  pages={607--626},
  year={2021},
  publisher={SciELO Brasil}
}

@article{ribeiro2020governancca,
  title={Governan{\c{c}}a democr{\'a}tica em rede: estudo sobre acolhida imigrat{\'o}ria de venezuelanos no Brasil},
  author={Ribeiro, Marcos Le{\^o}ncio Sousa},
  year={2020}
}

@article{souza2009redes,
  title={As redes sociais virtuais, os nativos e imigrantes digitais},
  author={Souza, Samuel Merc{\^e}s and Borges, Luzineide Miranda},
  journal={III Encontro Nacional Sobre Hipertexto},
  year={2009}
}

@article{villen2012polarizaccao,
  title={Polariza{\c{c}}{\~a}o do mercado de trabalho e a nova imigra{\c{c}}{\~a}o internacional no Brasil},
  author={Villen, Patricia},
  journal={SEMIN{\'A}RIO DO TRABALHO: Trabalho e pol{\'\i}ticas sociais no s{\'e}culo},
  volume={21},
  number={8},
  year={2012}
}

@article{bogus2015brasil,
  title={O Brasil como destino das migra{\c{c}}{\~o}es internacionais recentes: novas rela{\c{c}}{\~o}es, possibilidades e desafios},
  author={B{\'o}gus, Lucia Maria M and Fabiano, Maria Lucia Alves},
  journal={Ponto-e-V{\'\i}rgula: Revista de Ci{\^e}ncias Sociais},
  number={18},
  year={2015}
}

@article{baeninger2017imigracao,
  title={Migra{\c{c}}{\~a}o de crise: a migra{\c{c}}{\~a}o haitiana para o Brasil},
  author={Baeninger, Rosana and Peres, Roberta},
  journal={Revista Brasileira de estudos de Popula{\c{c}}{\~a}o},
  volume={34},
  number={1},
  pages={119--143},
  year={2017},
  publisher={SciELO Brasil}
}

@article{dos2004metodologias,
  title={Metodologias {\'a}geis extreme programming e scrum para o desenvolvimento de software},
  author={dos Santos Soares, Michel},
  journal={Revista Eletr{\^o}nica de Sistemas de Informa{\c{c}}{\~a}o},
  volume={3},
  number={1},
  year={2004}
}

@article{peinado2007compreendendo,
  title={Compreendendo o Kanban: um ensino interativo ilustrado},
  author={Peinado, Jurandir and Aguiar, Giancarlo de França},
  journal={Revista DaVinci. Curitiba (PR)},
  volume={4},
  number={1},
  pages={133--146},
  year={2007}
}

@article{dallavalle2000regras,
  title={Regras de Neg{\'o}cio, um fator chave de sucesso no processo de desenvolvimento de sistemas de informa{\c{c}}{\~a}o},
  author={Dallavalle, Silvia In{\^e}s and Cazarini, Edson Walmir},
  journal={Anais do XX ENEGEP-Encontro Nacional de Engenharia de Produ{\c{c}}{\~a}o. S{\~a}o Paulo},
  year={2000}
}

@article{sganderla2016aprimorando,
  title={Aprimorando a Ger{\^e}ncia e o Desenvolvimento de Software com Metodologias {\'A}geis},
  author={Sganderla, Mauricio Andreazza and Lacerda, Guilherme and Ribeiro, Vinicius Gadis and Silveira, Sidnei Renato},
  journal={RCT-Revista de Ci{\^e}ncia e Tecnologia},
  volume={2},
  number={2},
  year={2016}
}

@article{fernandes2011redes,
  title={Redes sociais online e educa{\c{c}}{\~a}o: contributo do Facebook no contexto das comunidades virtuais de aprendentes},
  author={Fernandes, Lu{\'\i}s},
  journal={Universidade Nova de Lisboa, Portugal},
  year={2011}
}

@article{rosa2008identidade,
  title={Identidade cultural em comunidades de usu{\'a}rios e desenvolvedores de software livre: o caso Debian-RS},
  author={Rosa, Guilherme Carvalho da},
  year={2008},
  publisher={Pontif{\'\i}cia Universidade Cat{\'o}lica do Rio Grande do Sul}
}

@book{SOMMERVILLE:2019,
  title={Engenharia de Software},
  edition = {10},
  publisher={Pearson Education do Brasil Ltda.},
  author={Sommerville, Ian},
  year={2019},
  address = {S{\~a}o Paulo}
}

@book{SOMMERVILLE:2011,
  title={Engenharia de Software},
  edition = {9},
  publisher={Pearson Education do Brasil Ltda.},
  author={Sommerville, Ian},
  year={2011},
  address = {S{\~a}o Paulo}
}

@book{Polo:2020,
  title={Validação e teste de software},
  publisher={Contentus},
  author={Cant{\'u} Polo, Rodrigo},
  year={2020},
  address = {Curitiba}
}

@book{sabbagh2014scrum,
  title={Scrum: Gest{\~a}o {\'a}gil para projetos de sucesso},
  author={Sabbagh, Rafael},
  year={2014},
  publisher={Editora Casa do C{\'o}digo}
}

@book{machado2018analise,
  title={An{\'a}lise e Gest{\~a}o de Requisitos de Software--Onde nascem os sistemas},
  author={Machado, Felipe Nery Rodrigues},
  year={2018},
  publisher={Saraiva Educa{\c{c}}{\~a}o SA}
}

@book{vazquezsimoes:2016,
  title={Engenharia de Requisitos: software orientado ao negócio},
  edition = {1},
  author={Sim{\~o}es, Guilherme Siqueira and Vazquez, Carlos Eduardo},
  year={2016},
  publisher={Brasport Livros e Multim{\'i}dia Ltda.},
  address = {Rio de Janeiro}
}

@book{cruz:2018,
  title={Scrum e Agile em Projetos: Guia Completo},
  author={Cruz, F{\'a}bio},
  year={2018},
  edition = {2},
  publisher={Brasport Livros e Multim{\'i}dia Ltda.},
  address = {Rio de Janeiro}
}


@book{FIAP:2021,
    Address = {S{\~a}o Paulo},
	author={De Araújo, Pedro Ivo Correia},
	title={Devops \& Agile Culture: Metodologia e Melhores Pr{\'a}ticas de Desenvolvimento de Software},
	publisher = {Faculdade de Informática e Admnistra{\c{c}}{\~a}o Paulista},
	Year = {2021}
}
	
@book{ambler2004modelagem,
  title={Modelagem {\'a}gil: pr{\'a}ticas eficazes para a Programa{\c{c}}{\~a}o Extrema e o Processo Unificado},
  author={Ambler, Scott W},
  year={2004},
  publisher={Bookman}
}

@book{umlGuedes,
    title={UML 2 - Uma Abordagem Prática},
    author={Guedes, Gilleanes T. A.},
    edition = {2},
    year={2011},
    publisher={novatec}
}

@book{leal2015linguagem,
  title={Linguagem, Programa{\c{c}}{~a}o E Banco De Dados: GUIA PR{'A}TICO DE APRENDIZAGEM},
  author={Leal, G.C.L.},
  url={https://plataforma.bvirtual.com.br/Acervo/Publicacao/30495},
  year={2015},
  publisher ={INTERSABERES}
}

@book{alvesbanco,
  title={Banco de dados: Teoria e Desenvolvimento},
  author={Alves, W.P.},
  isbn={9788536533759},
  year={2020},
  url={https://books.google.com.br/books?id=qD0IEAAAQBAJ},
  publisher={Saraiva Educa{\c{c}}{\~a}o S.A.}
}

@book{date2004introdução,
  title={Introdu{\c{c}}{\~a}o a sistemas de bancos de dados},
  author={Date, C.J.},
  isbn={9788535212730},
  url={https://books.google.com.br/books?id=xBeO9LSlK7UC},
  year={2004},
  publisher={ELSEVIER EDITORA}
}

@book{ferreira:2020,
  title={Prototipagem e testes de usabilidade},
  author={Ferreira, Marcelo Bellon},
  year={2020},
  edition = {1},
  publisher={Contentus},
  address = {Curitiba}
}


@manual{Junior:2010,
    Address = {Minas Gerais},
	author = {Walteno Martins Parreira J{\'u}nior},
	Title = {Apostila Engenharia de Software},
	Org-Short = {UEMG},
	Organization = {Universidade do Estado de Minas Gerais},
	Url = {http://www.waltenomartins.com.br/ap_es_v1.pdf},
	Urlaccessdate = {23 jul. 2021},
	year = {2010},
	Bdsk-Url-1 = {http://www.waltenomartins.com.br/ap_es_v1.pdf}
}


@inproceedings{silva2012beneficios,
  title={Os benef{\'\i}cios do uso de Kanban na ger{\^e}ncia de projetos de manuten{\c{c}}{\~a}o de software},
  author={Silva, Diogo Vin{\'\i}cius de S and Santos, F Alan de O and Neto, Pedro Santos},
  booktitle={Anais do VIII Simp{\'o}sio Brasileiro de Sistemas de Informa{\c{c}}{\~a}o},
  pages={715--725},
  year={2012},
  organization={SBC}
}
 
@misc{tecmundo:2019,
    title={Vantagens de usar a Metodologia Scrum para desenvolvimento web},
    author={Coutinho, Fl{\'\a}vio Motta},
    howpublished={Disponível em: \url{https://www.tecmundo.com.br/software/145932-vantagens-usar-metodologia-scrum-desenvolvimento-web.htm}. Acesso em: 25 julho 2021},
    year={2019}
}

@misc{utilidadepublica:201?,
    title={Modelagem de Dados: Modelo Conceitual, Modelo Lógico e Físico},
    author={Ribeiro, Luís},
    howpublished={Disponível em: \url{https://www.luis.blog.br/modelagem-de-dados-modelo-conceitual-modelo-logico-e-fisico.html}. Acesso em: 29 setembro 2021},
    year={201?}
}

@inproceedings{lima2020usando,
  title={Usando o teste ponta a ponta para garantia de confiabilidade de um Sistema Integrado de Gestao: uma prova de conceito},
  author={Lima, Yury and Rodrigues, Elder and Oliveira, Rafael and Bernardino, Maicon},
  booktitle={Anais da IV Escola Regional de Engenharia de Software},
  pages={126--133},
  year={2020},
  organization={SBC}
}

@article{Tornos2021Sep,
	author = {Tornos, Clara Torres},
	title = {{Significado da cor azul na psicologia}},
	journal = {Br.psicologia-online},
	year = {2021},
	month = {Sep},
	publisher = {Br.psicologia-online.com},
	url = {https://br.psicologia-online.com/significado-da-cor-azul-na-psicologia-917.html}
}

@misc{BibEntry2020Aug,
    author = { Reyes, Christine},
	title = {{Experi{\ifmmode\hat{e}\else\^{e}\fi}ncia do Usu{\ifmmode\acute{a}\else\'{a}\fi}rio (UX): Entenda o que {\ifmmode\acute{e}\else\'{e}\fi} de forma pr{\ifmmode\acute{a}\else\'{a}\fi}tica}},
	year = {2020},
	month = {Aug},
	note = {[Online; Acesso em:  10. Apr. 2022]},
	url = {https://www.liferay.com/pt/resources/l/user-experience}
}

@misc{BibEntry2021Nov,
    author = {Pontotel, Redator},
	title = {{Stakeholders: o que {\ifmmode\acute{e}\else\'{e}\fi}, quem s{\ifmmode\tilde{a}\else\~{a}\fi}o, veja como identific{\ifmmode\acute{a}\else\'{a}\fi}-los e quais os impactos para a empresa!}},
	journal = {PontoTel},
	year = {2021},
	month = nov,
	note = {[Online; Acesso em:  17. Jun. 2022]},
	url = {https://www.pontotel.com.br/stakeholders}
}

@misc{BibEntry2017Oct,
    author = {blog},
	title = {{Um usuario, mais o que {\ifmmode\acute{e}\else\'{e}\fi} isso afinal? {\ifmmode\acute{e}\else\'{e}\fi} um rotulo atribu{\ifmmode\acute{\imath}\else\'{\i}\fi}do por que ?}},
	journal = {Blog do Sistema},
	year = {2017},
	month = oct,
	note = {[Online; Acesso em:  17. Jun. 2022]},
	url = {https://blogdosistema.com.br/usuario-o-que-e}
}

@misc{StefanBechtold2021Apr,
	author = {Stefan Bechtold, Sam Brannen},
	title = {{JUnit 5 User Guide}},
	year = {2021},
	month = apr,
	note = {[Online; Acesso em:  19. Jun. 2022]},
	url = {https://junit.org/junit5/docs/current/user-guide}
}

@misc{ifsmg,
	author = {IFSEMG - Instituto Federal de Educação Ciência e Tecnologia do Sul de Minas Gerais},
	title = {{Perguntas Frequentes}},
	year = {20-?},
	note = {[Online; Acesso em:  16. Ago. 2022]},
	url = {https://www.ifsudestemg.edu.br/perguntas-frequentes}
}

%%%%%%%%% REVISAO DE LITERATURA
@article{sartori2004comunidades,
  title={Comunidades virtuais de aprendizagem: espa{\c{c}}os de desenvolvimento de socialidades, comunica{\c{c}}{\~a}o e cultura},
  author={Sartori, Ademilde Silveira and Roesler, Jucimara},
  journal={Acesso},
  volume={20},
  pages={10--14},
  year={2004}
}
@article{valentim2016interatividade,
  title={Interatividade e gamifica{\c{c}}{\~a}o no ensino superior: uma an{\'a}lise em f{\'o}runs de discuss{\~a}o},
  author={Valentim, Etiane and Souza, Rafaela and Ara{\'u}jo, Renata and Oliveira, Val{\'e}ria},
  journal={Internet latent corpus journal},
  volume={6},
  number={1},
  pages={150--172},
  year={2016}
}
@article{kratochwill2006possibilidades,
  title={As possibilidades dial{\'o}gicas do f{\'o}rum de discuss{\~a}o no ambiente virtual de aprendizagem},
  author={Kratochwill, Susan and Sampaio, Deise Rodrigues},
  journal={Idea{\c{c}}{\~a}o},
  volume={8},
  number={8},
  pages={157--168},
  year={2006}
}
@article{costa2018revisao,
  title={Revis{\~a}o Bibliogr{\'a}fica dos Aspectos e M{\'e}todos Componentes da Gamifica{\c{c}}{\~a}o na Educa{\c{c}}{\~a}o},
  author={Costa, Daniel Leite and Abrantes, Daniela and Albert, Fl{\'a}via and Bacelar, Matheus},
  journal={Feedback},
  volume={10},
  number={1},
  pages={6},
  year={2018}
}
@article{orrico2012mercado,
  title={Mercado brasileiro de games j{\'a} {\'e} o quarto maior do mundo e deve continuar a crescer},
  author={Orrico, Alexandre},
  journal={O Estado de S{\~a}o Paulo, S{\~a}o Paulo},
  volume={8},
  year={2012}
}

@article{teixeira2007avaliaccao,
  title={Avalia{\c{c}}{\~a}o de ferramentas de an{\'a}lise est{\'a}tica de c{\'o}digo para detec{\c{c}}{\~a}o de vulnerabilidades},
  author={Teixeira, Emanuel and Antunes, Jo{\~a}o and Neves, Nuno},
  journal={Faculdade de Ci{\^e}ncias da Universidade de Lisboa, Departamento de Inform{\'a}tica},
  pages={21},
  year={2007}
}
@article{matoso2014importancia,
  title={A import{\^a}ncia da monitoria na forma{\c{c}}{\~a}o acad{\^e}mica do monitor: um relato de experi{\^e}ncia},
  author={Matoso, Leonardo Magela Lopes},
  journal={CATUSSABA-ISSN 2237-3608},
  volume={3},
  number={2},
  pages={77--83},
  year={2014}
}

@article{lins2009importancia,
  title={A import{\^a}ncia da monitoria na forma{\c{c}}{\~a}o acad{\^e}mica do monitor},
  author={Lins, Leandro Fragoso and Ferreira, Lucia Maia Cavalcanti and Ferraz, Luc{\'\i}ola Vilarim and CARVALHO, Sabrina Suellen Guerra de},
  journal={Jornada de ensino, pesquisa e extens{\~a}o, IX},
  year={2009}
}

@article{friedlander1984alunos,
  title={Alunos-monitores: uma experi{\^e}ncia em Fundamentos de Enfermagem},
  author={Friedlander, Maria Romana},
  journal={Revista da Escola de Enfermagem da USP},
  volume={18},
  pages={113--120},
  year={1984},
  publisher={SciELO Brasil}
}

@book{zichermann2011gamification,
title={Gamification by Design: Implementing Game Mechanics in Web and Mobile Apps},
author={Zichermann, Gabe and Cunningham, Christopher},
isbn={9781449315399},
url={https://books.google.com.br/books?id=zZcpuMRpAB8C},
year={2011},
publisher={O'Reilly Media}
}

@misc{alura2022,
    author= {Alura},
	title = {{Ap{\ifmmode\hat{e}\else\^{e}\fi}ndice - Testes de Usabilidade {$\vert$} Alura Cursos Online}},
	journal = {Alura},
	year = {2022},
	month = aug,
	note = {[Online; accessed 22. Aug. 2022]},
	url = {https://www.alura.com.br/apostila-ux-usabilidade-mobile-web/usabilidade}
}