%%%%%%%%%%%%%%%%%%%%%%%%%%%%%%%%%%%%%%%%%%%%%%%%%%%%%%%%%%%
@article{fernandes2011redes,
  title={Redes sociais online e educa{\c{c}}{\~a}o: contributo do Facebook no contexto das comunidades virtuais de aprendentes},
  author={Fernandes, Lu{\'\i}s},
  journal={Universidade Nova de Lisboa, Portugal},
  year={2011}
}
%%%%%%%%%%%%%%%%%%%%%%%%%%%%%%%%%%%%%%%%%%%%%%%%%%%%%%%%%%%
@article{rosa2008identidade,
  title={Identidade cultural em comunidades de usu{\'a}rios e desenvolvedores de software livre: o caso Debian-RS},
  author={Rosa, Guilherme Carvalho da},
  year={2008},
  publisher={Pontif{\'\i}cia Universidade Cat{\'o}lica do Rio Grande do Sul}
}
%%%%%%%%%%%%%%%%%%%%%%%%%%%%%%%%%%%%%%%%%%%%%%%%%%%%%%%%%%%
@article{Tornos2021Sep,
	author = {Tornos, Clara Torres},
	title = {{Significado da cor azul na psicologia}},
	journal = {Br.psicologia-online},
	year = {2021},
	month = {Sep},
	publisher = {Br.psicologia-online.com},
	url = {https://br.psicologia-online.com/significado-da-cor-azul-na-psicologia-917.html}
}
%%%%%%%%%%%%%%%%%%%%%%%%%%%%%%%%%%%%%%%%%%%%%%%%%%%%%%%%%%%
@misc{BibEntry2020Aug,
    author = {Reyes, Christine},
	title = {{Experi{\ifmmode\hat{e}\else\^{e}\fi}ncia do Usu{\ifmmode\acute{a}\else\'{a}\fi}rio (UX): Entenda o que {\ifmmode\acute{e}\else\'{e}\fi} de forma pr{\ifmmode\acute{a}\else\'{a}\fi}tica}},
	year = {2020},
	month = {Aug},
	note = {[Online; accessed 10. Apr. 2022]},
	url = {https://www.liferay.com/pt/resources/l/user-experience}
}